=LDR  02312 mi a2200565 i 4500
=001  016480415
=003  Uk
=005  20160510105925.0
=006  s||\d|||||||0\\\a2
=007  cr\|||||||||||
=008  130823c199u9999xxk\\\\\o\\j\\\\\\\\eng\\
=FMT  \\$a  CF
=024  7\$astm20130408a$2local
=040  \\$aUk$beng$cUk$dUk$erda
=042  \\$aukblsr
=082  04$a597.177$223
=245  00$aDistribution of spawning and nursery grounds.
=264  \1$aLowestoft :$bCentre for Environment, Fisheries & Aquaculture Science
=300  \\$a1 online resource
=336  \\$acomputer dataset$2rdacontent
=336  \\$atext$2rdacontent
=337  \\$acomputer$2rdamedia
=338  \\$aonline resource$2rdacarrier
=506  \\$aData are free to access.
=516  \\$aapplication/zip; ESRI shapefile.
=520  3\$aData layers to map the spawning and nursery grounds for commercially important fish species in UK waters. The original data from surveys in the 1990's is available, along with data that were updated in 2010.
=540  \\$aNot stated.
=584  \\$aAccepting data submissions: No.
=588  \\$aDescription based on contents viewed on July 7, 2014 ; title from Web page.
=522  \\$aUnited Kingdom.
=650  \0$aFishes$xSpawning$zGreat Britain.
=650  \0$aFisheries$xResearch$zGreat Britain.
=653  \\$aFisheries
=653  2\$aFood security
=655  \7$aDataset.$2local
=655  \7$aMonitoring data.$2local
=690  7\$aResearch Datasets Collection$2blcoll
=710  2\$aCentre for Environment, Fisheries and Aquaculture Science (Great Britain)
=856  40$uhttps://www.cefas.co.uk/cefas-data-hub/fishdac/$yResearch Datasets Collection
=856  4\$uhttp://www.cefas.defra.gov.uk/our-science/fisheries-information/ecologically-important-fish-habitats/distribution-of-spawning-and-nursery-grounds.aspx$zLink no longer valid
=859  \\$aXLD$bdatasets
=CAT  \\$aRESDATASET$b00$c20130823$lBLL01$h1203
=CAT  \\$a5194$b40$c20131108$lBLL01$h1249
=CAT  \\$a7332$b40$c20140707$lBLL01$h1125
=CAT  \\$a7332$b40$c20160509$lBLL01$h1331
=CAT  \\$a7332$b40$c20160510$lBLL01$h1059
=CAT  \\$aW1606-1753$c20171028$lBLL01$h1352
=FIN  \\$aY$d20140707
=SRC  \\$aBLDatasets$bdatasets20130822.xml
=LAS  \\$aW1606-1753$b00$c20171028$lBLL01$h1352

