=LDR  01882 mi a2200541 i 4500
=001  016480443
=003  Uk
=005  20160509133308.0
=006  s||\d|||||||0\\\a2
=007  cr\|||||||||||
=008  130823c20uu9999cc\\\\\\o\\j\\\\\\\\eng\\
=FMT  \\$a  CF
=024  7\$astm20130701a$2local
=040  \\$aUk$beng$cUk$dUk$erda
=042  \\$aukblsr
=082  04$a579.5677$223
=245  00$aeFG :$bElectronic resource for Fusarium graminearum.
=246  3\$aElectronic resource for Fusarium graminearum
=264  \1$aShanghai :$bTongji University
=300  \\$a1 online resource
=336  \\$acomputer dataset$2rdacontent
=336  \\$atext$2rdacontent
=337  \\$acomputer$2rdamedia
=338  \\$aonline resource$2rdacarrier
=506  \\$aData are free to access.
=516  \\$atext/plain.
=540  \\$aNot stated.
=584  \\$aAccepting data submissions: No.
=588  \\$aDescription based on contents viewed on July 10, 2014; title from database home page.
=650  \0$aFusarium$xGenetics.
=653  \\$aPlant Diseases/Disorders/Pests
=653  \\$aFungi
=653  2\$aFood security
=655  \7$aDataset.$2local
=655  \7$aExperimental data.$2local
=655  \7$aReference data.$2local
=690  7\$aResearch Datasets Collection$2blcoll
=710  2\$aDepartment of Computer Science, School of Electronics and Information Engineering, Tongji University.
=856  40$uhttp://comp-sysbio.org/efg/$yResearch Datasets Collection
=856  4\$uhttp://csb.shu.edu.cn/efg/$zLink no longer valid
=859  \\$aXLD$bdatasets
=CAT  \\$aRESDATASET$b00$c20130823$lBLL01$h1203
=CAT  \\$a7332$b40$c20140710$lBLL01$h1016
=CAT  \\$a7332$b40$c20160509$lBLL01$h1333
=CAT  \\$aW1606-1753$c20171028$lBLL01$h1352
=FIN  \\$aY$d20140710
=SRC  \\$aBLDatasets$bdatasets20130822.xml
=LAS  \\$aW1606-1753$b00$c20171028$lBLL01$h1352

