=LDR  02493 mm a2200577 i 4500
=001  016480513
=003  Uk
=005  20160509141552.0
=006  s||\d|||||||0\\\a2
=007  cr\|||||||||||
=008  130823s2008\\\\enk\\\\\o\\j\\\\\\\\eng\\
=FMT  \\$a  CF
=024  7\$astm20130822l$2local
=040  \\$aUk$beng$cUk$dUk$erda
=042  \\$aukblsr
=082  04$a363.34936$223
=245  00$aIntegrated Floodplain Management - ecology & hydrology data, 2006-2008.
=264  \1$a[Wallingford] :$bCentre for Ecology and Hydrology$c2008.
=300  \\$a1 online resource
=336  \\$acomputer dataset$2rdacontent
=336  \\$atext$2rdacontent
=337  \\$acomputer$2rdamedia
=338  \\$aonline resource$2rdacarrier
=506  \\$aUsers must register to access data.
=518  \\$d2006-2008.
=520  3\$aThe study is part of the NERC Rural Economy and Land Use (RELU) programme. Eight agricultural flood defence schemes, previously studied by the research team in the 1980s, have been re-examined to identify and explain changes in land and water management that have occurred over the last 40-years.
=540  \\$aPublishers copyright.
=584  \\$aAccepting data submissions: No.
=588  \\$aDescription based on contents viewed on November 10, 2014 ; title from database Web page.
=650  \0$aFloodplain management$zGreat Britain.
=650  \0$aFlood forecasting$zGreat Britain.
=653  2\$aFlooding
=653  2\$aLiving With Environmental Change
=655  \7$aDataset.$2local
=655  \7$aObservational data.$2local
=655  \7$aModelled data.$2local
=690  7\$aResearch Datasets Collection$2blcoll
=710  2\$aCentre for Ecology and Hydrology (Great Britain)
=710  2\$aRural Economy and Land Use Programme (Great Britain)
=856  40$uhttps://data.gov.uk/dataset/integrated-floodplain-management-ecology-hydrology-data-2006-2008$yResearch Datasets Collection
=856  4\$uhttp://data.gov.uk/dataset/integrated-floodplain-management-ecology-hydrology-data-2006-20081$zLink no longer valid
=859  \\$aXLD$bdatasets
=CAT  \\$aRESDATASET$b00$c20130823$lBLL01$h1203
=CAT  \\$a7332$b40$c20140212$lBLL01$h0838
=CAT  \\$a7332$b40$c20141110$lBLL01$h1356
=CAT  \\$a7332$b40$c20141209$lBLL01$h0915
=CAT  \\$a7332$b40$c20160509$lBLL01$h1415
=CAT  \\$aW1606-1753$c20171028$lBLL01$h1352
=FIN  \\$aY$d20141110
=SRC  \\$aBLDatasets$bdatasets20130822.xml
=LAS  \\$aW1606-1753$b00$c20171028$lBLL01$h1352

