=LDR  02127 mi a2200577 i 4500
=001  016480543
=003  Uk
=005  20160510105911.0
=006  s||\d|||||||0\\\a2
=007  cr\|||||||||||
=008  130823c20uu9999xxk\\\\\o\\j\\\\\\\\eng\\
=FMT  \\$a  CF
=024  7\$astm20121204a$2local
=040  \\$aUk$beng$cUk$dUk$erda
=042  \\$aukblsr
=082  04$a333.95611$223
=245  00$aDAPSTOM :$ban Integrated Database & Portal for Fish Stomach Records.
=264  \1$aLowestoft :$bCentre for Environment, Fisheries & Aquaculture Science
=300  \\$a1 online resource
=336  \\$acomputer dataset$2rdacontent
=336  \\$atext$2rdacontent
=337  \\$acomputer$2rdamedia
=338  \\$aonline resource$2rdacarrier
=506  \\$aData are free to access.
=516  \\$atext/csv.
=540  \\$aCrown Copyright.
=584  \\$aAccepting data submissions: No.
=588  \\$aDescription based on: Version 4.7 viewed on July 17, 2014; title from Web page.
=650  \0$aFish surveys$vDatabases.
=650  \0$aIchthyology$vDatabases.
=653  \\$aFisheries
=653  \\$aMarine Habitat
=653  2\$aFood security
=653  2\$aLiving With Environmental Change
=655  \7$aDataset.$2local
=655  \7$aMonitoring data.$2local
=690  7\$aResearch Datasets Collection$2blcoll
=710  2\$aCentre for Environment, Fisheries and Aquaculture Science (Great Britain)
=856  40$uhttps://www.cefas.co.uk/cefas-data-hub/fish-stomach-records/$yResearch Datasets Collection
=856  4\$uhttp://www.cefas.defra.gov.uk/our-science/fisheries-information/fish-stomach-records.aspx$zLink no longer valid
=859  \\$aXLD$bdatasets
=CAT  \\$aRESDATASET$b00$c20130823$lBLL01$h1203
=CAT  \\$a5194$b40$c20131108$lBLL01$h1249
=CAT  \\$a7332$b40$c20140717$lBLL01$h1036
=CAT  \\$a7332$b40$c20160509$lBLL01$h1322
=CAT  \\$a7332$b40$c20160510$lBLL01$h1033
=CAT  \\$a7332$b40$c20160510$lBLL01$h1059
=CAT  \\$aW1606-1753$c20171028$lBLL01$h1352
=FIN  \\$aY$d20140717
=SRC  \\$aBLDatasets$bdatasets20130822.xml
=LAS  \\$aW1606-1753$b00$c20171028$lBLL01$h1352

