=LDR  02045 mi a2200529 i 4500
=001  016834953
=003  Uk
=005  20160509141710.0
=006  s||\d|||||||0\\\a2
=007  cr\|||||||||||
=008  140822c20149999enk\\\\\o\\j\\\\\\\\eng\\
=FMT  \\$a  CF
=024  7\$astm20140808a$2local
=040  \\$aUk$beng$cUk$dUk$erda
=042  \\$aukblsr
=082  04$a551.489$223
=245  00$aRecorded flood outlines.
=264  \1$a[Great Britain] :$bEnvironment Agency,$c2014-
=300  \\$a1 online resource
=336  \\$acomputer dataset$2rdacontent
=336  \\$atext$2rdacontent
=337  \\$acomputer$2rdamedia
=338  \\$aonline resource$2rdacarrier
=506  \\$aUsers must register to access data.
=516  \\$aShapefile.
=520  3\$aRecorded Flood Outlines contains the individual location outline and approved attributes for records of historic flooding extracted from the National Flood and Coastal Defence Database (NFCDD).
=540  \\$a© Environment Agency copyright and/or database right 2014. All rights reserved.
=584  \\$aAccepting data submissions: No.
=588  \\$aDescription based on contents viewed on November 14, 2014; title from Webpage.
=650  \0$aFloods$zEngland.
=650  \0$aFloods$zWales.
=653  2\$aFlooding
=655  \7$aDataset.$2local
=655  \7$aObservational data.$2local
=690  7\$aResearch Datasets Collection$2blcoll
=710  1\$aGreat Britain.$bEnvironment Agency.
=856  40$uhttps://data.gov.uk/dataset/recorded-flood-outlines1$yResearch Datasets Collection
=856  4\$uhttp://data.gov.uk/dataset/historic-flood-outlines-afa008$zLink no longer valid
=859  \\$aXLD$bdatasets
=CAT  \\$aRESDATASET$b00$c20140822$lBLL01$h1346
=CAT  \\$a11279$b40$c20140901$lBLL01$h1720
=CAT  \\$a7332$b40$c20141114$lBLL01$h1619
=CAT  \\$a7332$b40$c20160509$lBLL01$h1417
=CAT  \\$aW1606-1753$c20171028$lBLL01$h1603
=FIN  \\$aY$d20141114
=SRC  \\$aBLDatasets$bdatasets20140822.xml
=LAS  \\$aW1606-1753$b00$c20171028$lBLL01$h1603

