=LDR  02566 mi a2200553 i 4500
=001  016834954
=003  Uk
=005  20160509141835.0
=006  s||\d|||||||0\\\a2
=007  cr\|||||||||||
=008  140822c20149999enk\\\\\o\\j\\\\\\\\eng\\
=FMT  \\$a  CF
=024  7\$astm20140808b$2local
=040  \\$aUk$beng$cUk$dUk$erda
=042  \\$aukblsr
=082  04$a551.48$223
=245  00$a3 Day Flood Forecast.
=264  \1$a[Great Britain] :$bEnvironment Agency,$c2014-
=300  \\$a1 online resource
=336  \\$acomputer dataset$2rdacontent
=336  \\$atext$2rdacontent
=337  \\$acomputer$2rdamedia
=338  \\$aonline resource$2rdacarrier
=506  \\$aUsers must register to access data.
=516  \\$aApplication Programming Interface and text/xml.
=520  3\$a3-day flood forecast API available here: http://www.shoothill.com/environment-agency-liveapi/ from the Environment Agency. This is updated daily. The flood risk forecast is produced by the Flood Forecasting Centre (FFC) for publication on the Environment Agency's website on a daily basis (http://www.environment-agency.gov.uk/homeandleisure/floods/125305.aspx). It is issued more frequently when serious flooding is forecast. It provides the indication of the potential for flooding for three days covering England and Wales: the day on which it is issued and the subsequent two days ahead. Data is also available via an API.
=540  \\$aOpen Government Licence.
=584  \\$aAccepting data submissions: No.
=588  \\$aDescription based on contents viewed on November 14, 2014; title from Webpage.
=650  \0$aFlood forecasting$zEngland.
=650  \0$aFlood forecasting$zWales.
=653  2\$aFlooding
=655  \7$aDataset.$2local
=655  \7$aModelled data.$2local
=655  \7$aObservational data.$2local
=690  7\$aResearch Datasets Collection$2blcoll
=710  1\$aGreat Britain.$bEnvironment Agency.
=710  1\$aGreat Britain.$bFlood Forecasting Centre.
=856  40$uhttps://data.gov.uk/dataset/3-day-flood-forecast$yResearch Datasets Collection
=856  4\$uhttp://data.gov.uk/dataset/3-day-flood-forecast-afa259$zLink no longer valid
=859  \\$aXLD$bdatasets
=CAT  \\$aRESDATASET$b00$c20140822$lBLL01$h1346
=CAT  \\$a11279$b40$c20140901$lBLL01$h1720
=CAT  \\$a7332$b40$c20141114$lBLL01$h1601
=CAT  \\$a7332$b40$c20160509$lBLL01$h1418
=CAT  \\$aW1606-1753$c20171028$lBLL01$h1603
=FIN  \\$aY$d20141114
=SRC  \\$aBLDatasets$bdatasets20140822.xml
=LAS  \\$aW1606-1753$b00$c20171028$lBLL01$h1603

