=LDR  02441 mi a2200553 i 4500
=001  016834957
=003  Uk
=005  20160509142004.0
=006  s||\d|||||||0\\\a2
=007  cr\|||||||||||
=008  140822c20149999enk\\\\\o\\j\\\\\\\\eng\\
=FMT  \\$a  CF
=024  7\$astm20140808e$2local
=040  \\$aUk$beng$cUk$dUk$erda
=042  \\$aukblsr
=082  04$a363.3493$223
=245  00$aFlood Warnings Live data Feed.
=264  \1$a[Great Britain] :$bEnvironment Agency,$c2014-
=300  \\$a1 online resource
=336  \\$acomputer dataset$2rdacontent
=336  \\$atext$2rdacontent
=337  \\$acomputer$2rdamedia
=338  \\$aonline resource$2rdacarrier
=506  \\$aUsers must register to access data.
=516  \\$aApplication Programming Interface; text/xml; text/tsv.
=520  3\$aA live feed is provided by the Environment Agency of current status updates for every Flood Warning Area in England and Wales. This includes flood warnings and severe flood warnings. Data updated from the FWIS service every minute although it is presented for external users every 15 minutes via the Data Distribution Hub where the XML can be securely downloaded (sFTP feed). You must get a licence from Natural Resources Wales if you wish to use any data from sites in Wales. Data are also available via API.
=540  \\$aOpen Government Licence.
=584  \\$aAccepting data submissions: No.
=588  \\$aDescription based on contents viewed on November 14, 2014; title from Webpage.
=650  \0$aFloods$zGreat Britain.
=650  \0$aFlood forecasting$zGreat Britain.
=650  \0$aWarnings.
=653  2\$aFlooding
=655  \7$aDataset.$2local
=655  \7$aMonitoring data.$2local
=690  7\$aResearch Datasets Collection$2blcoll
=710  1\$aGreat Britain.$bEnvironment Agency.
=856  40$uhttps://data.gov.uk/dataset/flood-warnings$yResearch Datasets Collection
=856  4\$uhttp://data.gov.uk/dataset/flood-warnings-live-data-feed$zLink no longer valid
=859  \\$aXLD$bdatasets
=CAT  \\$aRESDATASET$b00$c20140822$lBLL01$h1346
=CAT  \\$a11279$b40$c20140901$lBLL01$h1721
=CAT  \\$a7332$b40$c20141114$lBLL01$h1335
=CAT  \\$a7332$b40$c20141114$lBLL01$h1346
=CAT  \\$a7332$b40$c20160509$lBLL01$h1420
=CAT  \\$aW1606-1753$c20171028$lBLL01$h1603
=FIN  \\$aY$d20141114
=SRC  \\$aBLDatasets$bdatasets20140822.xml
=LAS  \\$aW1606-1753$b00$c20171028$lBLL01$h1603

