=LDR  01929 mm a2200517 i 4500
=001  016834959
=003  Uk
=005  20160509142121.0
=006  s||\d|||||||0\\\a2
=007  cr\|||||||||||
=008  140822s2013\\\\enk\\\\\o\\j\\\\\\\\eng\\
=FMT  \\$a  CF
=024  7\$astm20140808g$2local
=040  \\$aUk$beng$cUk$dUk$erda
=042  \\$aukblsr
=082  04$a577.69$223
=245  00$aSaltmarsh extents.
=264  \1$a[Great Britain] :$bEnvironment Agency,$c2013.
=300  \\$a1 online resource
=336  \\$acomputer dataset$2rdacontent
=336  \\$atext$2rdacontent
=337  \\$acomputer$2rdamedia
=338  \\$aonline resource$2rdacarrier
=506  \\$aData are free to access.
=520  3\$aPolygon data layer showing the extent of Saltmarsh in Coastal and Transitional waters for use by both Flood and Coastal Risk Management and the implementation of Water Framework Directive.
=540  \\$aOpen Government Licence.
=584  \\$aAccepting data submissions: No.
=588  \\$aDescription based on contents viewed on November 14, 2014; title from Webpage.
=650  \0$aSalt marshes$zEngland.
=650  \0$aSalt marshes$zWales.
=653  2\$aFlooding
=655  \7$aDataset.$2local
=655  \7$aMonitoring data.$2local
=690  7\$aResearch Datasets Collection$2blcoll
=710  1\$aGreat Britain.$bEnvironment Agency.
=856  40$uhttps://data.gov.uk/dataset/saltmarsh-extents1$yResearch Datasets Collection
=856  4\$uhttp://data.gov.uk/dataset/saltmarsh-extents$zLink no longer valid
=859  \\$aXLD$bdatasets
=CAT  \\$aRESDATASET$b00$c20140822$lBLL01$h1346
=CAT  \\$a11279$b40$c20140901$lBLL01$h1723
=CAT  \\$a7332$b40$c20141114$lBLL01$h1142
=CAT  \\$a7332$b40$c20160509$lBLL01$h1421
=CAT  \\$aW1606-1753$c20171028$lBLL01$h1603
=FIN  \\$aY$d20141114
=SRC  \\$aBLDatasets$bdatasets20140822.xml
=LAS  \\$aW1606-1753$b00$c20171028$lBLL01$h1603

