=LDR  02568 mi a2200697 i 4500
=001  015876604
=003  Uk
=005  20160510105351.0
=006  m\\\\\\\\m\|\\\\\\
=007  cr\|||||||||||
=008  110825c200u9999enk\\\\\o\\i\\\\\\\\eng\\
=024  7\$astm20100128ad$2local
=040  \\$aUk$beng$cUk$dUk$erda
=042  \\$aukblsr
=082  04$a581.9989$223
=245  00$aPlant database.
=246  3\$aBritish Antarctic Survey plant database
=246  3\$aAntarctic plant database
=246  3\$aBAS plant database
=264  \1$aCambridge :$bBritish Antarctic Survey
=300  \\$a1 online resource
=336  \\$acomputer dataset$2rdacontent
=336  \\$atext$2rdacontent
=337  \\$acomputer$2rdamedia
=338  \\$aonline resource$2rdacarrier
=500  \\$aTitle from home page (viewed on Nov. 8, 2011).
=506  \\$aData are free to access.
=510  \\$uhttp://www.jstor.org/stable/1224022
=516  \\$atext/html.
=520  3\$aThe BAS Plant Database provides information on Antarctic plant specimens held by the BAS including details of their collection.
=522  \\$aAntarctica.
=538  \\$aMode of access: World Wide Web.
=540  \\$aNot stated.
=584  \\$aData are created by the BAS.
=588  \\$aDescription based on: ; title from (viewed on ).
=650  \0$aPlants$zAntarctica$vNomenclature$vDatabases.
=650  \0$aPhytogeography$zAntarctica$vDatabases.
=653  2\$aLiving With Environmental Change
=655  \7$aDataset.$2local
=655  \7$aPhysical data.$2local
=655  \7$aObservational data.$2local
=655  \7$aReference data.$2local
=690  7\$aResearch Datasets Collection$2blcoll
=710  2\$aBritish Antarctic Survey.
=856  40$uhttp://apex.nerc-bas.ac.uk/f?p=252:1:2611968105940419:::::$yResearch Datasets Collection
=856  4\$uhttp://www.antarctica.ac.uk/bas_research/data/access/plantdatabase/$zLink no longer valid
=859  \\$aXLD$bdatasets
=CAT  \\$aRESDATASET$b00$c20110825$lBLL01$h1145
=CAT  \\$a7332$b40$c20111109$lBLL01$h0826
=CAT  \\$a7332$b40$c20111110$lBLL01$h1155
=CAT  \\$aBATCH-UPD$b40$c20120821$lBLL01$h1643
=CAT  \\$aBATCH-UPD$b40$c20121018$lBLL01$h1009
=CAT  \\$aWR13.117$c20130718$lBLL01$h1857
=CAT  \\$a7332$b40$c20160510$lBLL01$h1042
=CAT  \\$a7332$b40$c20160510$lBLL01$h1053
=CAT  \\$aW1606-1753$c20171028$lBLL01$h1342
=FIN  \\$aY$d20111109
=FMT  \\$a  CF
=LAS  \\$aW1606-1753$b00$c20171028$lBLL01$h1342
=SRC  \\$aBLDatasets$bstm_datasets_20110825_mrc.xml
=TCO  \\$aZZZ$c008

