=LDR  02779 mi a2200673 i 4500
=001  015876611
=003  Uk
=005  20170711104322.0
=006  m\\\\\\\\m\|\\\\\\
=007  cr\|||||||||||
=008  110825c200u9999xxu\\\\\o\\i\\\\\\\\eng\\
=024  7\$astm20100128x$2local
=040  \\$aUk$beng$cUk$dUk$erda
=042  \\$aukblsr
=082  04$a333.714$223
=245  00$aCGSD and CIESIN data sets.
=264  \1$aNew York :$bCenter for International Earth Science Information Network
=300  \\$a1 online resource
=336  \\$acomputer dataset$2rdacontent
=336  \\$atext$2rdacontent
=337  \\$acomputer$2rdamedia
=338  \\$aonline resource$2rdacarrier
=500  \\$aTitle from home page (viewed on Nov. 8, 2011).
=506  \\$aData are free to access.
=516  \\$atext/html.
=520  3\$aCIESIN Datasets enables the discovery of data relating to environmental impacts on economic and developmental stability. This includes environmental sustainability indexes, agricultural census statistics and measures, natural hazard risks, distributions and economic losses, species distributions and land cover data.
=538  \\$aMode of access: World Wide Web.
=540  \\$aCreators/Contributors retain copyright.
=584  \\$aData are collected by CIESIN, CGSD and CHRR.
=650  \0$aEnvironmental impact analysis$vDatabases.
=650  \0$aSustainability$vDatabases.
=653  2\$aLiving With Environmental Change
=655  \7$aDataset.$2local
=655  \7$aMetadata.$2local
=655  \7$aMonitoring data.$2local
=655  \7$aReference data.$2local
=690  7\$aResearch Datasets Collection$2blcoll
=710  2\$aCenter for International Earth Science Information Network.
=710  2\$aColumbia Earth Institute.$bCenter on Globalization and Sustainable Development.
=710  2\$aCenter for Hazards and Risk Research.
=856  40$uhttp://ciesin.columbia.edu/sub_guide.html$yResearch Datasets Collection
=856  4\$uhttp://www.ciesin.columbia.edu/eidata/$zLink no longer valid
=859  \\$aXLD$bdatasets
=CAT  \\$aRESDATASET$b00$c20110825$lBLL01$h1145
=CAT  \\$a7332$b40$c20111108$lBLL01$h0902
=CAT  \\$aBATCH-UPD$b40$c20120821$lBLL01$h1643
=CAT  \\$aBATCH-UPD$b40$c20121018$lBLL01$h1009
=CAT  \\$aWR13.117$c20130718$lBLL01$h1857
=CAT  \\$a7332$b40$c20160509$lBLL01$h1038
=CAT  \\$a7332$b40$c20160510$lBLL01$h0817
=CAT  \\$a7332$b40$c20160510$lBLL01$h0819
=CAT  \\$a7332$b40$c20160510$lBLL01$h1054
=CAT  \\$a11279$b40$c20170711$lBLL01$h1043
=CAT  \\$aW1606-1753$c20171028$lBLL01$h1342
=FIN  \\$aY$d20111108
=FMT  \\$a  CF
=LAS  \\$aW1606-1753$b00$c20171028$lBLL01$h1342
=SRC  \\$aBLDatasets$bstm_datasets_20110825_mrc.xml
=TCO  \\$aZZZ$c008

