=LDR  02689 mi a2200685 i 4500
=001  015876612
=003  Uk
=005  20160510105422.0
=006  m\\\\\\\\m\|\\\\\\
=007  cr\|||||||||||
=008  110825c200u9999xxu\\\\\o\\i\\\\\\\\eng\\
=024  7\$astm20091219e$2local
=040  \\$aUk$beng$cUk$dUk$erda
=042  \\$aukblsr
=082  04$a551.4$223
=245  00$aCISL research data archive.
=246  3\$aCISL-RDA
=264  \1$aBoulder :$bNational Centre for Atmospheric Research
=300  \\$a1 online resource
=336  \\$acomputer dataset$2rdacontent
=336  \\$atext$2rdacontent
=337  \\$acomputer$2rdamedia
=338  \\$aonline resource$2rdacarrier
=500  \\$aTitle from home page (viewed on Oct. 26, 2011).
=506  \\$aUsers must apply for access to data.
=516  \\$aunknown.
=520  3\$aCISL-RDA provides a wealth of data from and for meteorological and oceanographic research, observation and modelling. Data can be filtered according to format, variable, platform, project and topic, and downloaded from the site after registration and request.
=538  \\$aMode of access: World Wide Web.
=540  \\$aCreators/Contributors retain copyright.
=584  \\$aData is submitted by researchers and aggregated by CISL-RDA.
=584  \\$aAccepting data submissions: No.
=588  \\$aDescription based on: ; title from (viewed on ).
=650  \0$aMeteorology$vObservations$vDatabases.
=650  \0$aOceanography$vObservations$vDatabases.
=650  \0$aClimatology$vObservations$vDatabases.
=653  2\$aLiving With Environmental Change
=655  \7$aDataset.$2local
=655  \7$aLongitudinal data.$2local
=655  \7$aObservational data.$2local
=655  \7$aModelled data.$2local
=690  7\$aResearch Datasets Collection$2blcoll
=710  2\$aNational Center for Atmospheric Research (U.S.)
=856  40$uhttp://rda.ucar.edu/$yResearch Datasets Collection
=856  4\$uhttp://dss.ucar.edu/$zLink no longer valid
=859  \\$aXLD$bdatasets
=CAT  \\$aRESDATASET$b00$c20110825$lBLL01$h1145
=CAT  \\$a7332$b40$c20111027$lBLL01$h1328
=CAT  \\$a7332$b40$c20120224$lBLL01$h1030
=CAT  \\$aBATCH-UPD$b40$c20120821$lBLL01$h1643
=CAT  \\$aBATCH-UPD$b40$c20121018$lBLL01$h1010
=CAT  \\$aWR13.117$c20130718$lBLL01$h1857
=CAT  \\$a7332$b40$c20160509$lBLL01$h1052
=CAT  \\$a7332$b40$c20160510$lBLL01$h0820
=CAT  \\$a7332$b40$c20160510$lBLL01$h1054
=CAT  \\$aW1606-1753$c20171028$lBLL01$h1342
=FIN  \\$aY$d20111027
=FMT  \\$a  CF
=LAS  \\$aW1606-1753$b00$c20171028$lBLL01$h1342
=SRC  \\$aBLDatasets$bstm_datasets_20110825_mrc.xml
=TCO  \\$aZZZ$c008

