=LDR  02789 mi a2200685 i 4500
=001  015876615
=003  Uk
=005  20160510105438.0
=006  m\\\\\\\\m\|\\\\\\
=007  cr\|||||||||||
=008  110825c200u9999xxu\\\\\o\\i\\\\\\\\eng\\
=024  7\$astm20100128t$2local
=040  \\$aUk$beng$cUk$dUk$erda
=042  \\$aukblsr
=082  04$a577.14$223
=245  00$aORNL DAAC data holdings.
=246  3\$aDAAC for biogeochemical dynamics
=246  3\$aDistributed Active Archive Center for biogeochemical dynamics
=264  \1$aOak Ridge :$bOak Ridge National Laboratory (ORNL)
=300  \\$a1 online resource
=336  \\$acomputer dataset$2rdacontent
=336  \\$atext$2rdacontent
=337  \\$acomputer$2rdamedia
=338  \\$aonline resource$2rdacarrier
=500  \\$aTitle from home page (viewed on Nov. 3, 2011).
=506  \\$aUsers must register to access data.
=516  \\$ashapefile; text/plain.
=520  3\$aORNL DAAC Data Catalog contains data from biogeochemical and ecological analyses derived from remote sensing, in situ monitoring and modelling. It includes data parameters relating to climate, primary productivity, land cover and soils. Data can be identified from browsing projects or free text searches.
=538  \\$aMode of access: World Wide Web.
=540  \\$aCreators/Contributors retain copyright.
=584  \\$aData are created and collated by ORNL.
=584  \\$aAccepting data submissions: No.
=588  \\$aDescription based on: ; title from (viewed on ).
=650  \0$aEnvironmental monitoring$vDatabases.
=650  \0$aBiogeochemistry$vDatabases.
=653  2\$aLiving With Environmental Change
=655  \7$aDataset.$2local
=655  \7$aObservational data.$2local
=655  \7$aReference data.$2local
=690  7\$aResearch Datasets Collection$2blcoll
=710  2\$aOak Ridge National Laboratory.
=710  2\$aDistributed Active Archive Center Alliance.
=856  40$uhttp://daac.ornl.gov/get_data.shtml$yResearch Datasets Collection
=856  4\$uhttps://daac.ornl.gov/holdings.html$zLink no longer valid
=859  \\$aXLD$bdatasets
=CAT  \\$aRESDATASET$b00$c20110825$lBLL01$h1145
=CAT  \\$a7332$b40$c20111104$lBLL01$h0820
=CAT  \\$a7332$b40$c20111104$lBLL01$h0823
=CAT  \\$aBATCH-UPD$b40$c20120821$lBLL01$h1643
=CAT  \\$aBATCH-UPD$b40$c20121018$lBLL01$h1010
=CAT  \\$aWR13.117$c20130718$lBLL01$h1857
=CAT  \\$a7332$b40$c20160509$lBLL01$h1055
=CAT  \\$a7332$b40$c20160510$lBLL01$h0823
=CAT  \\$a7332$b40$c20160510$lBLL01$h1054
=CAT  \\$aW1606-1753$c20171028$lBLL01$h1342
=FIN  \\$aY$d20111104
=FMT  \\$a  CF
=LAS  \\$aW1606-1753$b00$c20171028$lBLL01$h1342
=SRC  \\$aBLDatasets$bstm_datasets_20110825_mrc.xml
=TCO  \\$aZZZ$c008

