=LDR  02938 mi a2200709 i 4500
=001  015876630
=003  Uk
=005  20160510105506.0
=006  m\\\\\\\\m\|\\\\\\
=007  cr\|||||||||||
=008  110825c200u9999xxu\\\\\o\\i\\\\\\\\eng\\
=024  7\$astm20100128ao$2local
=040  \\$aUk$beng$cUk$dUk$erda
=042  \\$aukblsr
=082  04$a577.276$223
=245  00$aTechnology transfer network.$pClearinghouse for inventories & emissions factors.
=246  3\$aEmissions inventories
=246  3\$aCHIEF
=264  \1$a[United States] :$bEnvironmental Protection Agency
=300  \\$a1 online resource
=336  \\$acomputer dataset$2rdacontent
=336  \\$atext$2rdacontent
=337  \\$acomputer$2rdamedia
=338  \\$aonline resource$2rdacarrier
=500  \\$aTitle from home page (viewed on Jan. 11, 2012).
=506  \\$aData are free to access.
=516  \\$atext/plain; text/csv; application/msexcel.
=520  3\$aProvides aerosol emissions data in the United States for 1999, 2002, 2005, 2008 and 2011. Emissions included are carbon monoxide (CO), nitrogen oxides (Nox), Sulphur Dioxide (SO2), particulate matter (PM10 and PM2.5), volatile organic compounds (VOCs), ammonia (NH3) and other hazardous air pollutants. Data can be accessed by year, and summary and trend data is also available.
=522  \\$aUnited States.
=538  \\$aMode of access: World Wide Web.
=540  \\$aPublic Domain.
=584  \\$aData are collated by the EPA.
=584  \\$aAccepting data submissions: No.
=588  \\$aDescription based on: ; title from (viewed on ).
=650  \0$aAir$xPollution$vDatabases.
=650  \0$aAir$xPollution$zUnited States$vDatabases.
=653  2\$aLiving With Environmental Change
=655  \7$aDataset.$2local
=655  \7$aMonitoring data.$2local
=655  \7$aReference data.$2local
=690  7\$aResearch Datasets Collection$2blcoll
=710  1\$aUnited States.$bEnvironmental Protection Agency.
=856  40$uhttps://www.epa.gov/air-emissions-inventories$yResearch Datasets Collection
=856  4\$uhttp://www.epa.gov/ttn/chief/eiinformation.html$zLink no longer valid
=859  \\$aXLD$bdatasets
=CAT  \\$aRESDATASET$b00$c20110825$lBLL01$h1145
=CAT  \\$a8964$b40$c20111215$lBLL01$h0841
=CAT  \\$a7332$b40$c20120111$lBLL01$h0841
=CAT  \\$a7332$b40$c20120328$lBLL01$h1136
=CAT  \\$aBATCH-UPD$b40$c20120821$lBLL01$h1643
=CAT  \\$aBATCH-UPD$b40$c20121018$lBLL01$h1010
=CAT  \\$aWR13.117$c20130718$lBLL01$h1857
=CAT  \\$a7332$b40$c20130927$lBLL01$h1117
=CAT  \\$a7332$b40$c20160509$lBLL01$h1105
=CAT  \\$a7332$b40$c20160510$lBLL01$h0839
=CAT  \\$a7332$b40$c20160510$lBLL01$h1055
=CAT  \\$aW1606-1753$c20171028$lBLL01$h1342
=FIN  \\$aY$d20120111
=FMT  \\$a  CF
=LAS  \\$aW1606-1753$b00$c20171028$lBLL01$h1342
=SRC  \\$aBLDatasets$bstm_datasets_20110825_mrc.xml
=TCO  \\$aZZZ$c008

