=LDR  03506 mi a2200769 i 4500
=001  015876672
=003  Uk
=005  20160510105520.0
=006  m\\\\\\\\m\|\\\\\\
=007  cr\|||||||||||
=008  110825c200u9999xxc\\\\\o\\i\\\\\\\\eng\\
=024  7\$astm20100128bv$2local
=040  \\$aUk$beng$cUk$dUk$erda
=041  0\$aeng$afre
=042  \\$aukblsr
=082  04$a551.4653131$223
=245  04$aThe Sea-surface Temperature Database.
=246  1\$aLa Base de donnes de la Temprature de Surface de la Mer$iFrench interface title:
=247  00$aSST database
=264  \1$aDartmouth :$bBedford Institute of Oceanography
=300  \\$a1 online resource
=336  \\$acomputer dataset$2rdacontent
=336  \\$atext$2rdacontent
=337  \\$acomputer$2rdamedia
=338  \\$aonline resource$2rdacarrier
=500  \\$aTitle from home page (viewed on January 15, 2014).
=506  \\$aUsers must register to access data.
=516  \\$aBespoke software.
=520  3\$aThe SST Database provides averaged sea surface temperatures of the Northwest Atlantic. Data are derived from satellite observation data provided by the Jet Propulsion Laboratory. Data are queried using an online application by location or time period.
=520  \\$aThe SST Database provides averaged sea surface temperatures of the Northwest Atlantic. Data are derived from satellite observation data provided by the Jet Propulsion Laboratory. Data are queried using an online application by location or time period. To access the data, navigate to Run database query from the left-hand menu, and select Sea-surface Temperature from the available options.
=522  \\$aNorth Atlantic Ocean.
=538  \\$aMode of access: World Wide Web.
=540  \\$aNot stated.
=546  \\$aInterface in English and French.
=584  \\$aData are collected by the DFO.
=584  \\$aAccepting data submissions: No.
=588  \\$aDescription based on: ; title from (viewed on ).
=650  \0$aOcean temperature$zNorth Atlantic Ocean$vDatabases.
=650  \0$aOceanography$zNorth Atlantic Ocean$vDatabases.
=653  2\$aLiving With Environmental Change
=655  \7$aDataset.$2local
=655  \7$aLongitudinal data.$2local
=655  \7$aMonitoring data.$2local
=655  \7$aReference data.$2local
=690  7\$aResearch Datasets Collection$2blcoll
=710  2\$aBedford Institute of Oceanography.
=710  2\$aJPL Physical Oceanography Distributed Active Archive Center.
=856  40$uhttp://www.bio.gc.ca/science/data-donnees/base/data-donnees/sst-en.php$yResearch Datasets Collection
=856  4\$uhttp://www.bio.gc.ca/science/data-donnees/base/data-donnees/climate-climat-eng.php$zLink no longer valid
=859  \\$aXLD$bdatasets
=985  \\$aRecord amended for WR# 13/070
=CAT  \\$aRESDATASET$b00$c20110825$lBLL01$h1145
=CAT  \\$a7332$b40$c20111109$lBLL01$h1501
=CAT  \\$aBATCH-UPD$b40$c20120821$lBLL01$h1643
=CAT  \\$aBATCH-UPD$b40$c20121018$lBLL01$h1009
=CAT  \\$aWR13_070$b00$c20130504$lBLL01$h0333
=CAT  \\$aWR13.117$c20130718$lBLL01$h1857
=CAT  \\$a7332$b40$c20140115$lBLL01$h1151
=CAT  \\$a7332$b40$c20160509$lBLL01$h1108
=CAT  \\$a7332$b40$c20160510$lBLL01$h0841
=CAT  \\$a7332$b40$c20160510$lBLL01$h1055
=CAT  \\$aW1606-1753$c20171028$lBLL01$h1342
=FIN  \\$aY$d20111109
=FMT  \\$a  CF
=LAS  \\$aW1606-1753$b00$c20171028$lBLL01$h1342
=SRC  \\$aBLDatasets$bstm_datasets_20110825_mrc.xml
=TCO  \\$aZZZ$c008

