=LDR  02767 mi a2200673 i 4500
=001  015876673
=003  Uk
=005  20160510105536.0
=006  m\\\\\\\\m\|\\\\\\
=007  cr\|||||||||||
=008  110825c200u9999xx\\\\\\o\\i\\\\\\\\eng\\
=024  7\$astm20100804c$2local
=040  \\$aUk$beng$cUk$dUk$erda
=042  \\$aukblsr
=082  04$a578.012$223
=245  00$aGBIF data portal.
=246  3\$aGlobal Biodiversity Information Facility data portal
=264  \1$a[Place of publication not identified] :$bGlobal Biodiversity Information Facility
=300  \\$a1 online resource
=336  \\$acomputer dataset$2rdacontent
=336  \\$atext$2rdacontent
=337  \\$acomputer$2rdamedia
=338  \\$aonline resource$2rdacarrier
=500  \\$aTitle from home page (viewed on Nov. 10, 2011).
=506  \\$aSome data are restricted/sensitive.
=516  \\$atext/html.
=520  3\$aGBIF aggregates species occurrence data from thousands of biodiversity datasets. Georeferenced datasets will display species on a map. Species can be queried across all datasets to give a comprehensive view of recorded observations. Observations can also be filtered by country to give a comprehensive view of recorded species for that area across all datasets.
=538  \\$aMode of access: World Wide Web.
=540  \\$aData publishers retain all rights to data.
=584  \\$aData are collected from data publishers.
=584  \\$aAccepting data submissions: No.
=588  \\$aDescription based on: ; title from (viewed on ).
=650  \0$aBiodiversity$vDatabases.
=650  \0$aBiogeography$vDatabases.
=653  2\$aLiving With Environmental Change
=655  \7$aDataset.$2local
=655  \7$aObservational data.$2local
=655  \7$aLongitudinal data.$2local
=655  \7$aReference data.$2local
=690  7\$aResearch Datasets Collection$2blcoll
=710  2\$aGlobal Biodiversity Information Facility.
=856  40$uhttp://www.gbif.org/$yResearch Datasets Collection
=856  4\$uhttp://data.gbif.org/welcome.htm$zLink no longer valid
=859  \\$aXLD$bdatasets
=CAT  \\$aRESDATASET$b00$c20110825$lBLL01$h1145
=CAT  \\$a7332$b40$c20111110$lBLL01$h0743
=CAT  \\$a7332$b40$c20111111$lBLL01$h0854
=CAT  \\$aBATCH-UPD$b40$c20120821$lBLL01$h1643
=CAT  \\$aBATCH-UPD$b40$c20121018$lBLL01$h1009
=CAT  \\$aWR13.117$c20130718$lBLL01$h1857
=CAT  \\$a7332$b40$c20160509$lBLL01$h1110
=CAT  \\$a7332$b40$c20160510$lBLL01$h0945
=CAT  \\$a7332$b40$c20160510$lBLL01$h1055
=CAT  \\$aW1606-1753$c20171028$lBLL01$h1342
=FIN  \\$aY$d20111110
=FMT  \\$a  CF
=LAS  \\$aW1606-1753$b00$c20171028$lBLL01$h1342
=SRC  \\$aBLDatasets$bstm_datasets_20110825_mrc.xml
=TCO  \\$aZZZ$c008

