=LDR  02768 mi a2200697 i 4500
=001  015876701
=003  Uk
=005  20160510105552.0
=006  m\\\\\\\\m\|\\\\\\
=007  cr\|||||||||||
=008  110825c200u9999xxu\\\\\o\\i\\\\\\\\eng\\
=024  7\$astm20100209e$2local
=040  \\$aUk$beng$cUk$dUk$erda
=042  \\$aukblsr
=082  04$a363.739409776$223
=245  00$aSurface water environmental data access.
=246  3\$aSurface water data
=264  \1$a[United States] :$bMinnesota Pollution Control Agency
=300  \\$a1 online resource
=336  \\$acomputer dataset$2rdacontent
=336  \\$atext$2rdacontent
=337  \\$acomputer$2rdamedia
=338  \\$aonline resource$2rdacarrier
=500  \\$aTitle from Web page (viewed on Apr. 17, 2012).
=506  \\$aNone.
=516  \\$atext/csv; application/msexcel.
=520  3\$aProvides surface water quality data from across the state of Minnesota. Data from monitoring stations or specific water bodies are available. Monitoring stations data can be chosen by station name or on a mapped view of stations. Permit data is also available.
=522  \\$aMinnesota.
=538  \\$aMode of access: World Wide Web.
=540  \\$aNot stated.
=584  \\$aData are created by the MPCA.
=588  \\$aDescription based on: ; title from (viewed on ).
=650  \0$aWater quality$zMinnesota$vDatabases.
=650  \0$aLakes$xMonitoring$zMinnesota$vDatabases.
=650  \0$aRivers$xMonitoring$zMinnesota$vDatabases.
=653  2\$aLiving With Environmental Change
=655  \7$aDataset.$2local
=655  \7$aMonitoring data.$2local
=655  \7$aReference data.$2local
=690  7\$aResearch Datasets Collection$2blcoll
=710  2\$aMinnesota Pollution Control Agency.
=856  40$uhttps://www.pca.state.mn.us/quick-links/eda-surface-water-data$yResearch Datasets Collection
=856  4\$uhttp://www.pca.state.mn.us/index.php?option=com_k2&view=item&id=2211$zLink no longer valid
=859  \\$aXLD$bdatasets
=CAT  \\$aRESDATASET$b00$c20110825$lBLL01$h1145
=CAT  \\$a7332$b40$c20120417$lBLL01$h1405
=CAT  \\$aBATCH-UPD$b40$c20120821$lBLL01$h1643
=CAT  \\$aBATCH-UPD$b40$c20121018$lBLL01$h1010
=CAT  \\$a7332$b40$c20121023$lBLL01$h1501
=CAT  \\$a7332$b40$c20121023$lBLL01$h1504
=CAT  \\$a7332$b40$c20130604$lBLL01$h0805
=CAT  \\$aWR13.117$c20130718$lBLL01$h1857
=CAT  \\$a7332$b40$c20160509$lBLL01$h1112
=CAT  \\$a7332$b40$c20160510$lBLL01$h0957
=CAT  \\$a7332$b40$c20160510$lBLL01$h1055
=CAT  \\$aW1606-1753$c20171028$lBLL01$h1342
=FIN  \\$aY$d20120417
=FMT  \\$a  CF
=LAS  \\$aW1606-1753$b00$c20171028$lBLL01$h1342
=SRC  \\$aBLDatasets$bstm_datasets_20110825_mrc.xml
=TCO  \\$aZZZ$c008

