=LDR  02674 mi a2200685 i 4500
=001  015876795
=003  Uk
=005  20160510110603.0
=006  m\\\\\\\\m\|\\\\\\
=007  cr\|||||||||||
=008  110825c200u9999ne\\\\\\o\\i\\\\\\\\eng\\
=024  7\$astm20100311a$2local
=040  \\$aUk$beng$cUk$dUk$erda
=042  \\$aukblsr
=082  04$a551.609$223
=245  00$a[Climatological database for the world's oceans 1750-1850].
=246  3\$aCLIWOC data
=264  \1$aDe Bilt :$bKNMI
=264  31$a[Netherlands] :$bData Archiving and Networked Services
=300  \\$a1 online resource
=336  \\$acomputer dataset$2rdacontent
=336  \\$atext$2rdacontent
=337  \\$acomputer$2rdamedia
=338  \\$aonline resource$2rdacarrier
=500  \\$aTitle supplied by cataloguer (publisher's Web site, viewed Nov 26, 2011).
=506  \\$aData are free to access.
=516  \\$aapplication/msaccess; image/jpg.
=520  3\$aProvides a download of the CLIWOC project data in an Access database, the final version (2.1) as well as previous versions can be downloaded. Visualisations of wind observation data and air temperature recordings are also available.
=538  \\$aMode of access: World Wide Web.
=540  \\$aNot stated.
=584  \\$aData were extracted from ships' logs.
=588  \\$aDescription based on: ; title from (viewed on ).
=650  \0$aMarine meteorology$vDatabases.
=650  \0$aOceanography$vDatabases.
=650  \0$aMarine meteorology$xHistory$vDatabases.
=653  2\$aLiving With Environmental Change
=655  \7$aDataset.$2local
=655  \7$aLongitudinal data.$2local
=655  \7$aMonitoring data.$2local
=655  \7$aReference data.$2local
=690  7\$aResearch Datasets Collection$2blcoll
=710  2\$aKoninklijk Nederlands Meteorologisch Instituut.
=710  2\$aCLIWOC (Project)
=856  40$uhttp://doi.org/10.17026/dans-2bx-dutg$yResearch Datasets Collection
=856  4\$uhttp://www.knmi.nl/cliwoc/cliwocdata.htm$zLink no longer valid
=859  \\$aXLD$bdatasets
=CAT  \\$aRESDATASET$b00$c20110825$lBLL01$h1145
=CAT  \\$a7332$b40$c20111126$lBLL01$h1048
=CAT  \\$a7332$b40$c20111206$lBLL01$h1328
=CAT  \\$a7332$b40$c20120111$lBLL01$h1130
=CAT  \\$aBATCH-UPD$b40$c20120821$lBLL01$h1643
=CAT  \\$aBATCH-UPD$b40$c20121018$lBLL01$h1010
=CAT  \\$aWR13.117$c20130718$lBLL01$h1857
=CAT  \\$a7332$b40$c20160510$lBLL01$h1106
=CAT  \\$aW1606-1753$c20171028$lBLL01$h1342
=FIN  \\$aY$d20111126
=FMT  \\$a  CF
=LAS  \\$aW1606-1753$b00$c20171028$lBLL01$h1342
=SRC  \\$aBLDatasets$bstm_datasets_20110825_mrc.xml
=TCO  \\$aZZZ$c008

