=LDR  02726 mi a2200661 i 4500
=001  015876796
=003  Uk
=005  20160510105622.0
=006  m\\\\\\\\m\|\\\\\\
=007  cr\|||||||||||
=008  110825c200u9999ie\\\\\\o\\i\\\\\\\\eng\\
=024  7\$astm20100726a$2local
=040  \\$aUk$beng$cUk$dUk$erda
=042  \\$aukblsr
=082  04$a333.7809415$223
=245  00$aMaps and Data /$cNational Parks and Wildlife Service.
=264  \1$aDublin :$bNational Parks & Wildlife Service
=300  \\$a1 online resource
=336  \\$acomputer dataset$2rdacontent
=336  \\$atext$2rdacontent
=337  \\$acomputer$2rdamedia
=338  \\$aonline resource$2rdacarrier
=500  \\$aTitle from home page (viewed on Nov. 26, 2011).
=506  \\$aData are free to access.
=516  \\$atext/csv; text/html; ESRI shapefile and other GIS and CAD formats: AutoCAD DWG and DWF formats, DGN and MapInfo MIF format.
=520  3\$aNatural heritage areas, special areas of conservation and special protected areas visualised over OS data for the Republic of Ireland. The non-OS layers can be downloaded in various GIS formats. Data can be queried by county and townland, or areas of interest selected in map view.
=522  \\$aRepublic of Ireland.
=538  \\$aMode of access: World Wide Web.
=540  \\$aNot stated.
=584  \\$aData are collected by NPWS.
=584  \\$aAccepting data submissions: No.
=588  \\$aDescription based on: ; title from (viewed on ).
=650  \0$aNational parks and reserves$zIreland$vMaps$vDatabases.
=650  \0$aNatural areas$zIreland$vMaps$vDatabases.
=651  \0$aIreland$vMaps$vDatabases.
=653  2\$aLiving With Environmental Change
=655  \7$aDataset.$2local
=655  \7$aReference data.$2local
=655  \7$aMonitoring data.$2local
=690  7\$aResearch Datasets Collection$2blcoll
=710  1\$aIreland.$bNational Parks and Wildlife Service.
=856  40$uhttp://www.npws.ie/maps-and-data$yResearch Datasets Collection
=856  4\$uhttp://www.npws.ie/mapsanddata/$zLink no longer valid
=859  \\$aXLD$bdatasets
=CAT  \\$aRESDATASET$b00$c20110825$lBLL01$h1145
=CAT  \\$a7332$b40$c20111126$lBLL01$h1129
=CAT  \\$aBATCH-UPD$b40$c20120821$lBLL01$h1643
=CAT  \\$aBATCH-UPD$b40$c20121018$lBLL01$h1010
=CAT  \\$aWR13.117$c20130718$lBLL01$h1857
=CAT  \\$a7332$b40$c20160509$lBLL01$h1117
=CAT  \\$a7332$b40$c20160510$lBLL01$h1012
=CAT  \\$a7332$b40$c20160510$lBLL01$h1056
=CAT  \\$aW1606-1753$c20171028$lBLL01$h1342
=FIN  \\$aY$d20111126
=FMT  \\$a  CF
=LAS  \\$aW1606-1753$b00$c20171028$lBLL01$h1342
=SRC  \\$aBLDatasets$bstm_datasets_20110825_mrc.xml
=TCO  \\$aZZZ$c008

