=LDR  02840 mi a2200697 i 4500
=001  015876809
=003  Uk
=005  20160510105635.0
=006  m\\\\\\\\m\|\\\\\\
=007  cr\|||||||||||
=008  110825c200u9999xxu\\\\\o\\i\\\\\\\\eng\\
=024  7\$astm20100419b$2local
=040  \\$aUk$beng$cUk$dUk$erda
=042  \\$aukblsr
=082  04$a551.461$223
=245  00$a[MOOS upper-water-column science experiment data].
=246  3\$aMUSE Data
=264  \1$aMoss Landing :$bMonterey Bay Aquarium Research Institute
=300  \\$a1 online resource
=336  \\$acomputer dataset$2rdacontent
=336  \\$atext$2rdacontent
=337  \\$acomputer$2rdamedia
=338  \\$aonline resource$2rdacarrier
=500  \\$aTitle supplied by cataloguer (publisher's Web site, viewed Dec. 21, 2011).
=506  \\$aData are free to access.
=516  \\$atext/plain; image/gif; application/msexcel; text/csv.
=520  3\$aProvides data on marine atmosphere and hydrology from a range of automated, and R/V sensor platforms, satellites and airborne missions. Raw and processed data from each platform is accessed from its information page. Data from gliders and benthic mooring are not available.
=538  \\$aMode of access: World Wide Web.
=540  \\$aNot stated.
=584  \\$aData were collected by many scientists from various institutions.
=588  \\$aDescription based on: ; title from (viewed on ).
=650  \0$aOceanography$xResearch$vDatabases.
=650  \0$aOcean-atmosphere interaction$vDatabases.
=650  \0$aHydrology$vDatabases.
=653  2\$aLiving With Environmental Change
=655  \7$aDataset.$2local
=655  \7$aObservational data.$2local
=655  \7$aMonitoring data.$2local
=655  \7$aReference data.$2local
=690  7\$aResearch Datasets Collection$2blcoll
=710  2\$aMonterey Bay Aquarium Research Institute.
=710  2\$aMonterey Ocean Observing System.
=856  40$uhttp://www.mbari.org/products/data-repository/$yResearch Datasets Collection
=856  4\$uhttp://www.mbari.org/MUSE/default2.htm$zLink no longer valid
=859  \\$aXLD$bdatasets
=CAT  \\$aRESDATASET$b00$c20110825$lBLL01$h1145
=CAT  \\$a7332$b40$c20111222$lBLL01$h0737
=CAT  \\$a7332$b40$c20111222$lBLL01$h0847
=CAT  \\$a7332$b40$c20120111$lBLL01$h1132
=CAT  \\$aBATCH-UPD$b40$c20120821$lBLL01$h1643
=CAT  \\$aBATCH-UPD$b40$c20121018$lBLL01$h1010
=CAT  \\$aWR13.117$c20130718$lBLL01$h1857
=CAT  \\$a7332$b40$c20160509$lBLL01$h1125
=CAT  \\$a7332$b40$c20160510$lBLL01$h1017
=CAT  \\$a7332$b40$c20160510$lBLL01$h1056
=CAT  \\$aW1606-1753$c20171028$lBLL01$h1342
=FIN  \\$aY$d20111222
=FMT  \\$a  CF
=LAS  \\$aW1606-1753$b00$c20171028$lBLL01$h1342
=SRC  \\$aBLDatasets$bstm_datasets_20110825_mrc.xml
=TCO  \\$aZZZ$c008

