=LDR  02770 mi a2200661 i 4500
=001  015876811
=003  Uk
=005  20160510111133.0
=006  m\\\\\\\\m\|\\\\\\
=007  cr\|||||||||||
=008  110825c200u9999xxu\\\\\o\\i\\\\\\\\eng\\
=024  7\$astm20100426b$2local
=040  \\$aUk$beng$cUk$dUk$erda
=042  \\$aukblsr
=082  04$a551.5$223
=245  00$aReal-time weather data.
=264  \1$a[United States] :$bU.S. Department of Energy
=264  31$a[United States] :$bNational Renewable Energy Laboratory
=300  \\$a1 online resource
=336  \\$acomputer dataset$2rdacontent
=336  \\$atext$2rdacontent
=337  \\$acomputer$2rdamedia
=338  \\$aonline resource$2rdacarrier
=500  \\$aTitle from home page (viewed on Dec. 22, 2011).
=506  \\$aData are free to access.
=516  \\$atext/csv; IWEC weather files.
=520  3\$aProvides hourly, real-time meteorological data from over 4300 weather stations around the globe. The raw, un-validated data are provided as-is, and those of interest are identified by station and date range. Data can be downloaded in CSV or IWEC weather file format - files will be emailed on request, which may take up to two hours to fulfil.
=538  \\$aMode of access: World Wide Web.
=540  \\$aNot stated.
=584  \\$aData are collected from weather stations.
=588  \\$aDescription based on: ; title from (viewed on ).
=650  \0$aMeteorology$vObservations$vDatabases.
=653  2\$aLiving With Environmental Change
=655  \7$aDataset.$2local
=655  \7$aObservational data.$2local
=655  \7$aLongitudinal data.$2local
=655  \7$aReference data.$2local
=690  7\$aResearch Datasets Collection$2blcoll
=710  1\$aUnited States.$bDepartment of Energy.$bOffice of Energy Efficiency and Renewable Energy.
=856  40$uhttps://energyplus.net/weather$yResearch Datasets Collection
=856  4\$uhttp://apps1.eere.energy.gov/buildings/energyplus/weatherdata_download.cfm$zLink no longer valid
=859  \\$aXLD$bdatasets
=985  \\$aRecord amended for WR# 13/070
=CAT  \\$aRESDATASET$b00$c20110825$lBLL01$h1145
=CAT  \\$a7332$b40$c20111222$lBLL01$h1042
=CAT  \\$a7332$b40$c20111222$lBLL01$h1046
=CAT  \\$aBATCH-UPD$b40$c20120821$lBLL01$h1643
=CAT  \\$aBATCH-UPD$b40$c20121018$lBLL01$h1010
=CAT  \\$aWR13_070$b00$c20130504$lBLL01$h0333
=CAT  \\$aWR13.117$c20130718$lBLL01$h1857
=CAT  \\$a7332$b40$c20160510$lBLL01$h1109
=CAT  \\$a7332$b40$c20160510$lBLL01$h1111
=CAT  \\$aW1606-1753$c20171028$lBLL01$h1342
=FIN  \\$aY$d20111222
=FMT  \\$a  CF
=LAS  \\$aW1606-1753$b00$c20171028$lBLL01$h1342
=SRC  \\$aBLDatasets$bstm_datasets_20110825_mrc.xml
=TCO  \\$aZZZ$c008

