=LDR  03108 mi a2200685 i 4500
=001  015876842
=003  Uk
=005  20160510105452.0
=006  m\\\\\\\\m\|\\\\\\
=007  cr\|||||||||||
=008  110825c200u9999at\\\\\\o\\i\\\\\\\\eng\\
=024  7\$astm20100705a$2local
=040  \\$aUk$beng$cUk$dUk$erda
=042  \\$aukblsr
=082  04$a551.461$223
=245  00$aCSIRO Marine National Facility Underway Data.
=246  3\$aCSIRO MNF Underway Data
=264  \1$a[Australia] :$bCommonwealth Scientific and Industrial Research Organisation (CSIRO)
=300  \\$a1 online resource
=336  \\$acomputer dataset$2rdacontent
=336  \\$atext$2rdacontent
=337  \\$acomputer$2rdamedia
=338  \\$aonline resource$2rdacarrier
=500  \\$aTitle from HTML header (viewed on Dec. 22, 2011).
=506  \\$aData are free to access.
=516  \\$atext/plain.
=518  \\$a2003/01 -.
=520  3\$aProvides underway data from voyages of the Southern Surveyor Marine National Facility research vessel. Data parameters include latitude and longitude, depth, air and water temperature, wind speed and direction, humidity, air pressure and salinity. Data are available at 5minute intervals for each voyage. Depth data are available at 10 second intervals. Near-real-time underway data from the Southern Surveyor is also available in an un-quality controlled form from http://www.marine.csiro.au/mapserver/cgi-bin/underway/underway.
=538  \\$aMode of access: World Wide Web.
=540  \\$aCopyright in all or any part of the "data product" is and remains the property of the CSIRO Marine Research.
=584  \\$aData are from a CSIRO research ship.
=584  \\$aAccepting data submissions: No.
=588  \\$aDescription based on: ; title from (viewed on ).
=650  \0$aOceanography$vObservations$vDatabases.
=653  2\$aLiving With Environmental Change
=655  \7$aDataset.$2local
=655  \7$aObservational data.$2local
=655  \7$aMonitoring data.$2local
=655  \7$aReference data.$2local
=690  7\$aResearch Datasets Collection$2blcoll
=710  2\$aCSIRO Marine and Atmospheric Research Datacentre.
=710  2\$aMarine National Facility.
=856  40$uhttp://www.cmar.csiro.au/datacentre/process/data_files/Southern_Surveyor_NF/uwy/$yResearch Datasets Collection
=856  4\$uhttp://www.cmar.csiro.au/datacentre/process/data_files/uwy/$zLink no longer valid
=859  \\$aXLD$bdatasets
=985  \\$a710 = new hdg.
=CAT  \\$aRESDATASET$b00$c20110825$lBLL01$h1145
=CAT  \\$a7332$b40$c20111222$lBLL01$h1316
=CAT  \\$aBATCH-UPD$b40$c20120821$lBLL01$h1643
=CAT  \\$aBATCH-UPD$b40$c20121018$lBLL01$h1009
=CAT  \\$aWR13.117$c20130718$lBLL01$h1857
=CAT  \\$a7332$b40$c20160509$lBLL01$h1103
=CAT  \\$a7332$b40$c20160510$lBLL01$h0837
=CAT  \\$a7332$b40$c20160510$lBLL01$h1054
=CAT  \\$aW1606-1753$c20171028$lBLL01$h1342
=FIN  \\$aY$d20111222
=FMT  \\$a  CF
=LAS  \\$aW1606-1753$b00$c20171028$lBLL01$h1342
=SRC  \\$aBLDatasets$bstm_datasets_20110825_mrc.xml
=TCO  \\$aZZZ$c008

