=LDR  02469 mi a2200625 i 4500
=001  015876861
=003  Uk
=005  20160510105651.0
=006  m\\\\\\\\m\|\\\\\\
=007  cr\|||||||||||
=008  110825c200u9999it\\\\\\o\\i\\\\\\\\eng\\
=024  7\$astm20110114g$2local
=040  \\$aUk$beng$cUk$dUk$erda
=042  \\$aukblsr
=082  04$a551.354$223
=245  00$aGlobal river sediment yields database.
=264  \1$aRome :$bFood and Agriculture Organization of the United Nations
=300  \\$a1 online resource
=336  \\$acomputer dataset$2rdacontent
=336  \\$atext$2rdacontent
=337  \\$acomputer$2rdamedia
=338  \\$aonline resource$2rdacarrier
=500  \\$aTitle from home page (viewed on Feb. 3, 2012).
=506  \\$aData are free to access.
=520  3\$aWorldwide river and reservoir sediment yields can be searched by river, country and continent, or within a range of interest for sediment yield, run off, rainfall or catchment area. The entire database can also be downloaded in Excel format.
=538  \\$aMode of access: World Wide Web.
=540  \\$aNot stated.
=584  \\$aAccepting data submissions: no.
=588  \\$aDescription based on: ; title from (viewed on ).
=650  \0$aRiver sediments$vDatabases.
=650  \0$aSuspended sediments$vDatabases.
=653  2\$aFlooding
=655  \7$aDataset.$2local
=655  \7$aReference data.$2local
=655  \7$aMonitoring data.$2local
=690  7\$aResearch Datasets Collection$2blcoll
=710  2\$aFood and Agriculture Organization of the United Nations.
=856  40$uhttp://www.fao.org/nr/water/aquastat/sediment/index.stm$yResearch Datasets Collection
=856  4\$uhttp://twww.fao.org/nr/water/aquastat/sediment/index.asp$zLink no longer valid
=859  \\$aXLD$bdatasets
=CAT  \\$aRESDATASET$b00$c20110825$lBLL01$h1145
=CAT  \\$a7332$b40$c20120203$lBLL01$h0806
=CAT  \\$aBATCH-UPD$b40$c20120821$lBLL01$h1643
=CAT  \\$aBATCH-UPD$b40$c20121018$lBLL01$h1009
=CAT  \\$aWR13.117$c20130718$lBLL01$h1857
=CAT  \\$a7332$b40$c20131002$lBLL01$h0808
=CAT  \\$a7332$b40$c20160509$lBLL01$h1129
=CAT  \\$a7332$b40$c20160510$lBLL01$h1018
=CAT  \\$a7332$b40$c20160510$lBLL01$h1056
=CAT  \\$aW1606-1753$c20171028$lBLL01$h1342
=FIN  \\$aY$d20120203
=FMT  \\$a  CF
=LAS  \\$aW1606-1753$b00$c20171028$lBLL01$h1342
=SRC  \\$aBLDatasets$bstm_datasets_20110825_mrc.xml
=TCO  \\$aZZZ$c008

