=LDR  02980 mi a2200649 i 4500
=001  015876867
=003  Uk
=005  20160510105708.0
=006  m\\\\\\\\m\|\\\\\\
=007  cr\|||||||||||
=008  110825c200u9999xx\\\\\\o\\i\\\\\\\\eng\\
=024  7\$astm20100804u$2local
=040  \\$aUk$beng$cUk$dUk$erda
=042  \\$aukblsr
=082  04$a578.620948$223
=245  00$aAlien species database.
=264  \1$a[Place of publication not identified] :$bEuropean Network on Invasive Alien Species
=300  \\$a1 online resource
=336  \\$acomputer dataset$2rdacontent
=336  \\$atext$2rdacontent
=337  \\$acomputer$2rdamedia
=338  \\$aonline resource$2rdacarrier
=500  \\$aTitle from home page (viewed on Oct. 21, 2011).
=506  \\$aData are free to access.
=516  \\$atext/html; image/jpg.
=520  3\$aProvides data on invasive species from 20 countries across northern and central Europe (Belgium, Czech Republic, Denmark, Estonia, European part of Russia, Faroe Islands, Finland, Germany, Greenland, Iceland, Ireland, Latvia, Lithuania, Netherlands, Norway, Poland, Slovakia, Svalbard and Jan Mayen, Sweden). Data can be queried by species, habitat, distribution, type of introduction, status, invasiveness and country. Data on each species given includes details of the countries in which it is invasive, when it was first recorded and current status. Maps visualising where a species is invasive and frequency are given.
=538  \\$aMode of access: World Wide Web.
=540  \\$aNot stated.
=584  \\$aData are contributed by participating countries.
=584  \\$aAccepting data submissions: No.
=588  \\$aDescription based on: ; title from (viewed on ).
=650  \0$aIntroduced organisms$zEurope, Northern$vDatabases.
=650  \0$aInvasive plants$zEurope, Northern$vDatabases.
=653  2\$aLiving With Environmental Change
=655  \7$aDataset.$2local
=655  \7$aReference data.$2local
=655  \7$aObservational data.$2local
=690  7\$aResearch Datasets Collection$2blcoll
=710  2\$aEuropean Network on Invasive Alien Species.
=856  40$uhttps://www.nobanis.org/search-alien-species/$yResearch Datasets Collection
=856  4\$uhttp://www.nobanis.org/Search.asp$zLink no longer valid
=859  \\$aXLD$bdatasets
=CAT  \\$aRESDATASET$b00$c20110825$lBLL01$h1145
=CAT  \\$a7332$b40$c20111021$lBLL01$h1551
=CAT  \\$a7332$b40$c20111101$lBLL01$h1510
=CAT  \\$aBATCH-UPD$b40$c20120821$lBLL01$h1643
=CAT  \\$aBATCH-UPD$b40$c20121018$lBLL01$h1009
=CAT  \\$aWR13.117$c20130718$lBLL01$h1857
=CAT  \\$a7332$b40$c20160509$lBLL01$h1132
=CAT  \\$a7332$b40$c20160510$lBLL01$h1022
=CAT  \\$a7332$b40$c20160510$lBLL01$h1057
=CAT  \\$aW1606-1753$c20171028$lBLL01$h1342
=FIN  \\$aY$d20111021
=FMT  \\$a  CF
=LAS  \\$aW1606-1753$b00$c20171028$lBLL01$h1342
=SRC  \\$aBLDatasets$bstm_datasets_20110825_mrc.xml
=TCO  \\$aZZZ$c008

