=LDR  02883 mi a2200685 i 4500
=001  015876877
=003  Uk
=005  20160510105724.0
=006  m\\\\\\\\m\|\\\\\\
=007  cr\|||||||||||
=008  110825c200u9999xxu\\\\\o\\i\\\\\\\\eng\\
=024  7\$astm20100727a$2local
=040  \\$aUk$beng$cUk$dUk$erda
=042  \\$aukblsr
=082  04$a333.9164$223
=245  00$aCoastal environmental sensing networks data.
=246  3\$aCESN Data
=264  \1$aBoston :$bCoastal Environmental Sensing Networks
=300  \\$a1 online resource
=336  \\$acomputer dataset$2rdacontent
=336  \\$atext$2rdacontent
=337  \\$acomputer$2rdamedia
=338  \\$aonline resource$2rdacarrier
=500  \\$aTitle from home page (viewed on Jan. 21, 2012).
=506  \\$aData are free to access.
=516  \\$atext/csv.
=520  3\$aProvides data from 5 in situ sensors, monitoring temperature, voltage, wind and gust speed, air pressure, dew point temperature, chlorophyll and relative humidity. The sensors are situated in the Boston Harbor (President Anchorage Area and Dorchester Bay), Neponset River mouth and Neponset River (southeast Expy Bridge and Granite Avenue Bridge). Data are live from the sensors, and data can be downloaded for the past 3 months.
=538  \\$aMode of access: World Wide Web.
=540  \\$aNot stated.
=584  \\$aData are from.
=584  \\$aAccepting data submissions: No.
=588  \\$aDescription based on: ; title from (viewed on ).
=650  \0$aSensor networks$zMassachusetts$zAtlantic Coast$vDatabases.
=650  \0$aCoastal zone management$zMassachusetts$zAtlantic Coast$vDatabases.
=651  \0$aAtlantic Coast (Mass.)$vObservations$vDatabases.
=653  2\$aLiving With Environmental Change
=655  \7$aDataset.$2local
=655  \7$aObservational data.$2local
=655  \7$aMonitoring data.$2local
=655  \7$aReference data.$2local
=690  7\$aResearch Datasets Collection$2blcoll
=710  2\$aCenter for Coastal Environmental Sensing Networks.
=856  40$uhttp://www.cesn.org/boston_harbor.php$yResearch Datasets Collection
=856  4\$uhttp://www.cesn.org/livedata.php$zLink no longer valid
=859  \\$aXLD$bdatasets
=CAT  \\$aRESDATASET$b00$c20110825$lBLL01$h1145
=CAT  \\$a7332$b40$c20120121$lBLL01$h0705
=CAT  \\$a7332$b40$c20120228$lBLL01$h1312
=CAT  \\$aBATCH-UPD$b40$c20120821$lBLL01$h1643
=CAT  \\$aBATCH-UPD$b40$c20121018$lBLL01$h1009
=CAT  \\$aWR13.117$c20130718$lBLL01$h1857
=CAT  \\$a7332$b40$c20160509$lBLL01$h1134
=CAT  \\$a7332$b40$c20160510$lBLL01$h1023
=CAT  \\$a7332$b40$c20160510$lBLL01$h1057
=CAT  \\$aW1606-1753$c20171028$lBLL01$h1342
=FIN  \\$aY$d20120121
=FMT  \\$a  CF
=LAS  \\$aW1606-1753$b00$c20171028$lBLL01$h1342
=SRC  \\$aBLDatasets$bstm_datasets_20110825_mrc.xml
=TCO  \\$aZZZ$c008

