=LDR  02669 mi a2200661 i 4500
=001  015876888
=003  Uk
=005  20160510105740.0
=006  m\\\\\\\\m\|\\\\\\
=007  cr\|||||||||||
=008  110825c200u9999ie\\\\\\o\\i\\\\\\\\eng\\
=024  7\$astm20100816s$2local
=040  \\$aUk$beng$cUk$dUk$erda
=042  \\$aukblsr
=082  04$a578.6209415$223
=245  00$aNational invasive species database.
=264  \1$aWaterford :$bNational Biodiversity Data Centre
=300  \\$a1 online resource
=336  \\$acomputer dataset$2rdacontent
=336  \\$atext$2rdacontent
=337  \\$acomputer$2rdamedia
=338  \\$aonline resource$2rdacarrier
=500  \\$aTitle from home page (viewed on Dec. 3, 2011).
=506  \\$aData are free to access.
=516  \\$atext/html.
=520  3\$aProvides data on invasive species reported in the Republic of Ireland. Data given includes year the species was first reported, invasive status, frequency, invasive classification, impacts, mode of introduction, native distribution, maps and images. Species are queried by name or can be picked from a full list.
=522  \\$aRepublic of Ireland (nation).
=538  \\$aMode of access: World Wide Web.
=540  \\$aNot stated.
=584  \\$aData are collected by the NBDC.
=584  \\$aAccepting data submissions: Yes.
=588  \\$aDescription based on: ; title from (viewed on ).
=650  \0$aIntroduced organisms$zIreland$vDatabases.
=650  \0$aBiodiversity$zIreland$vDatabases.
=653  2\$aLiving With Environmental Change
=655  \7$aDataset.$2local
=655  \7$aObservational data.$2local
=655  \7$aMonitoring data.$2local
=655  \7$aReference data.$2local
=690  7\$aResearch Datasets Collection$2blcoll
=710  2\$aNational Biodiversity Data Centre (Ireland)
=856  40$uhttp://www.biodiversityireland.ie/projects/invasive-species/$yResearch Datasets Collection
=856  4\$uhttp://apps.biodiversityireland.ie/InvasivesBrowser/$zLink no longer valid
=859  \\$aXLD$bdatasets
=CAT  \\$aRESDATASET$b00$c20110825$lBLL01$h1145
=CAT  \\$a7332$b40$c20111203$lBLL01$h0857
=CAT  \\$aBATCH-UPD$b40$c20120821$lBLL01$h1643
=CAT  \\$aBATCH-UPD$b40$c20121018$lBLL01$h1010
=CAT  \\$aWR13.117$c20130718$lBLL01$h1857
=CAT  \\$a7332$b40$c20160509$lBLL01$h1135
=CAT  \\$a7332$b40$c20160510$lBLL01$h1025
=CAT  \\$a7332$b40$c20160510$lBLL01$h1057
=CAT  \\$aW1606-1753$c20171028$lBLL01$h1342
=FIN  \\$aY$d20111203
=FMT  \\$a  CF
=LAS  \\$aW1606-1753$b00$c20171028$lBLL01$h1342
=SRC  \\$aBLDatasets$bstm_datasets_20110825_mrc.xml
=TCO  \\$aZZZ$c008

