=LDR  02638 mi a2200673 i 4500
=001  015876895
=003  Uk
=005  20160510105757.0
=006  m\\\\\\\\m\|\\\\\\
=007  cr\|||||||||||
=008  110825c200u9999xxu\\\\\o\\i\\\\\\\\eng\\
=024  7\$astm20100824b$2local
=040  \\$aUk$beng$cUk$dUk$erda
=042  \\$aukblsr
=082  04$a333.950973$223
=245  00$a[National Gap Analysis Program data].
=246  3\$aNational GAP data
=264  \1$aMoscow, Idaho :$bNational Gap Analysis Office
=300  \\$a1 online resource
=336  \\$acomputer dataset$2rdacontent
=336  \\$atext$2rdacontent
=337  \\$acomputer$2rdamedia
=338  \\$aonline resource$2rdacarrier
=500  \\$aTitle supplied by cataloguer (publisher's Web site, viewed Jan. 6, 2012).
=506  \\$aData are free to access.
=516  \\$ashapefile.
=520  3\$aProvides geospatial data of U.S. protected areas in ERSI geodatabase format. The entire national dataset can be downloaded or data can be retrieved by region, state or land cover characterisation. National land cover data is also provided in grid or ERDAS format.
=522  \\$aUnited States.
=538  \\$aMode of access: World Wide Web.
=540  \\$aNot stated.
=584  \\$aData are collected by the USGS.
=584  \\$aAccepting data submissions: No.
=588  \\$aDescription based on: ; title from (viewed on ).
=650  \0$aProtected areas$zUnited States$vDatabases.
=650  \0$aBiodiversity$zUnited States$vDatabases.
=653  2\$aLiving With Environmental Change
=655  \7$aDataset.$2local
=655  \7$aReference data.$2local
=655  \7$aMonitoring data.$2local
=690  7\$aResearch Datasets Collection$2blcoll
=710  2\$aGap Analysis Program (U.S.)
=856  40$uhttp://gapanalysis.usgs.gov/padus/data/$yResearch Datasets Collection
=856  4\$uhttp://www.gap.uidaho.edu/Portal/DataDownload.html$zLink no longer valid
=859  \\$aXLD$bdatasets
=CAT  \\$aRESDATASET$b00$c20110825$lBLL01$h1145
=CAT  \\$a7332$b40$c20120106$lBLL01$h1041
=CAT  \\$a7332$b40$c20120111$lBLL01$h1128
=CAT  \\$aBATCH-UPD$b40$c20120821$lBLL01$h1643
=CAT  \\$aBATCH-UPD$b40$c20121018$lBLL01$h1009
=CAT  \\$aWR13.117$c20130718$lBLL01$h1857
=CAT  \\$a7332$b40$c20160509$lBLL01$h1313
=CAT  \\$a7332$b40$c20160510$lBLL01$h1026
=CAT  \\$a7332$b40$c20160510$lBLL01$h1057
=CAT  \\$aW1606-1753$c20171028$lBLL01$h1342
=FIN  \\$aY$d20120106
=FMT  \\$a  CF
=LAS  \\$aW1606-1753$b00$c20171028$lBLL01$h1342
=SRC  \\$aBLDatasets$bstm_datasets_20110825_mrc.xml
=TCO  \\$aZZZ$c008

