=LDR  02540 mi a2200589 i 4500
=001  016217943
=003  Uk
=005  20160510105813.0
=006  m\\\\\\\\m\|\\\\\\
=007  cr\|||||||||||
=008  121126c200u9999stk\\\\\o\\i\\\\\\\\eng\\
=FMT  \\$a  CF
=024  7\$astm20110909a$2local
=040  \\$aUk$beng$cUk$dUk$erda
=042  \\$aukblsr
=082  04$a551.489$223
=245  00$aIndicative river & coastal flood map (Scotland).
=264  \1$a[Stirling] :$bSEPA
=300  \\$a1 online resource
=336  \\$acomputer dataset$2rdacontent
=336  \\$atext$2rdacontent
=337  \\$acomputer$2rdamedia
=338  \\$aonline resource$2rdacarrier
=500  \\$aTitle from home page (viewed on Dec. 11, 2012).
=506  \\$aData are free to access.
=516  \\$atext/html.
=520  3\$aThis map can be used by planners to see an overview of areas of Scotland which may be affected by flooding from rivers or the sea. Details on what the map covers and what is and isn't indicated are given before the map can be used.
=540  \\$aIntellectual property rights in the flood map are owned by SEPA or its licensors. You may use the data for your own use provided that the use is not for or related to any commercial, business, professional or other income generating activity.
=584  \\$aSEPA was commissioned to create the flood map by the (then) Scottish Executive.
=588  \\$aDescription based on: ; title from (viewed on ).
=538  \\$aMode of access: World Wide Web.
=584  \\$aAccepting data submissions: No.
=650  \0$aFloods$zScotland$vMaps$vDatabases.
=653  2\$aFlooding
=655  \7$aDataset.$2local
=655  \7$aReference data.$2local
=655  \7$aModelled data.$2local
=690  7\$aResearch Datasets Collection$2blcoll
=710  2\$aScottish Environment Protection Agency.
=856  40$uhttp://www.sepa.org.uk/environment/water/flooding/flood-maps/$yResearch Datasets Collection
=856  4\$uhttp://www.sepa.org.uk/flooding/flood_extent_maps.aspx$zLink no longer valid
=859  \\$aXLD$bdatasets
=CAT  \\$aRESDATASET$b00$c20121126$lBLL01$h1531
=CAT  \\$a7332$b40$c20121211$lBLL01$h1054
=CAT  \\$aWR13.117$c20130718$lBLL01$h1857
=CAT  \\$a7332$b40$c20160509$lBLL01$h1315
=CAT  \\$a7332$b40$c20160510$lBLL01$h1027
=CAT  \\$a7332$b40$c20160510$lBLL01$h1058
=CAT  \\$aW1606-1753$c20171028$lBLL01$h1342
=FIN  \\$aY$d20121211
=SRC  \\$aBLDatasets$bstm_datasets_20121121.xml
=LAS  \\$aW1606-1753$b00$c20171028$lBLL01$h1342

