=LDR  02430 mi a2200589 i 4500
=001  016217971
=003  Uk
=005  20160510105829.0
=006  m\\\\\\\\m\|\\\\\\
=007  cr\|||||||||||
=008  121126c200u9999xx\\\\\\o\\i\\\\\\\\eng\\
=FMT  \\$a  CF
=024  7\$astm20110909e$2local
=040  \\$aUk$beng$cUk$dUk$erda
=042  \\$aukblsr
=082  04$a551.483$223
=245  00$aUSGS, real-time streamflow, USA, 6-13-08.
=264  \1$a[Place of publication not identified] :$bgeocommons
=300  \\$a1 online resource
=336  \\$acomputer dataset$2rdacontent
=336  \\$atext$2rdacontent
=337  \\$acomputer$2rdamedia
=338  \\$aonline resource$2rdacarrier
=500  \\$aTitle from home page (viewed on Dec. 14, 2012).
=506  \\$aRegistration is required for some of the data.
=516  \\$atext/csv; application/vnd.google-earth.kml+xml; ESRI shapefile.
=520  3\$aStreamflow data from USGS hydrologic stations on a single day of flood in the mid-west United States. Data can be downloaded in KML, Shapefile and CSV format without registration. To analyse and map data online, users must register.
=540  \\$aA version of Science or Creative Commons.
=584  \\$aThis data is a snap shot from the USGS website downloaded on Friday June 13, 2008.
=588  \\$aDescription based on: ; title from (viewed on ).
=538  \\$aMode of access: World Wide Web.
=584  \\$aAccepting data submissions: No.
=650  \0$aStream measurements$zUnited States$zUnited States$vDatabases.
=650  \0$aFloods$zUnited States$vDatabases.
=653  2\$aFlooding
=655  \7$aDataset.$2local
=655  \7$aObservational data.$2local
=690  7\$aResearch Datasets Collection$2blcoll
=710  2\$aGeological Survey (U.S.)
=856  40$uhttp://geocommons.com/datasets?id=2114$yResearch Datasets Collection
=856  4\$uhttp://geocommons.com/overlays/2114$zLink no longer valid
=859  \\$aXLD$bdatasets
=CAT  \\$aRESDATASET$b00$c20121126$lBLL01$h1531
=CAT  \\$a7332$b40$c20121214$lBLL01$h1735
=CAT  \\$aWR13.117$c20130718$lBLL01$h1857
=CAT  \\$a7332$b40$c20160509$lBLL01$h1317
=CAT  \\$a7332$b40$c20160510$lBLL01$h1029
=CAT  \\$a7332$b40$c20160510$lBLL01$h1058
=CAT  \\$aW1606-1753$c20171028$lBLL01$h1342
=FIN  \\$aY$d20121214
=SRC  \\$aBLDatasets$bstm_datasets_20121121.xml
=LAS  \\$aW1606-1753$b00$c20171028$lBLL01$h1342

