=LDR  02939 mi a22006495i 4500
=001  016217978
=003  Uk
=005  20160510105842.0
=006  m\\\\\\\\d\|\\\\\\
=007  cr\|||||||||||
=008  121126c200u9999enk\\\\\o\\i\\\\\\\\eng\\
=FMT  \\$a  CF
=024  7\$astm20110912a$2local
=040  \\$aUk$beng$cUk$dUk$erda
=042  \\$aukblsr
=082  04$a551.463$223
=245  00$aWaveNet.
=264  \1$a[Great Britain] :$bCEFAS
=300  \\$a1 online resource
=336  \\$acomputer dataset$2rdacontent
=336  \\$atext$2rdacontent
=337  \\$acomputer$2rdamedia
=338  \\$aonline resource$2rdacarrier
=500  \\$aTitle from home page (viewed on Dec. 17, 2012).
=506  \\$aRegistration is required for some of the data.
=516  \\$atext/html.
=520  3\$aWave data accessed from the Basic, Advanced, Satellite and Text data links on the left of the homepage provide map and tabular search interfaces to real time wave data by buoy, satellite or area of interest. Satellite wave data goes back to 2003. Real time buoy data is available up to 36 hours previous. Some additional data is available for some platforms, such as water temperature and quality. Users must register and log in to access archived data.
=540  \\$aSubject to Crown copyright protection unless otherwise indicated.
=584  \\$aData are collected by CEFAS.
=588  \\$aDescription based on: ; title from (viewed on ).
=538  \\$aMode of access: World Wide Web.
=584  \\$aAccepting data submissions: No.
=650  \0$aOcean waves$zNorth Atlantic Ocean$vObservations$vDatabases.
=650  \0$aOceanographic buoys$zNorth Atlantic Ocean$vObservations$vDatabases.
=653  2\$aFlooding
=655  \7$aDataset.$2local
=655  \7$aObservational data.$2local
=690  7\$aResearch Datasets Collection$2blcoll
=710  1\$aGreat Britain.$bDepartment for Environment, Food & Rural Affairs.
=710  2\$aCentre for Environment, Fisheries and Aquaculture Science (Great Britain)
=856  40$uhttps://www.cefas.co.uk/cefas-data-hub/wavenet/$yResearch Datasets Collection
=856  4\$uhttp://www.cefas.defra.gov.uk/our-science/observing-and-modelling/monitoring-programmes/wavenet.aspx$zLink no longer valid
=859  \\$aXLD$bdatasets
=985  \\$aRecord amended for WR# 13/070
=CAT  \\$aRESDATASET$b00$c20121126$lBLL01$h1531
=CAT  \\$a5194$b40$c20121127$lBLL01$h0949
=CAT  \\$a7332$b40$c20121217$lBLL01$h1306
=CAT  \\$a7332$b40$c20121217$lBLL01$h1317
=CAT  \\$aWR13_070$b00$c20130504$lBLL01$h0340
=CAT  \\$aWR13.117$c20130718$lBLL01$h1857
=CAT  \\$a7332$b40$c20160509$lBLL01$h1319
=CAT  \\$a7332$b40$c20160510$lBLL01$h1030
=CAT  \\$a7332$b40$c20160510$lBLL01$h1058
=CAT  \\$aW1606-1753$c20171028$lBLL01$h1342
=FIN  \\$aY$d20121217
=SRC  \\$aBLDatasets$bstm_datasets_20121121.xml
=LAS  \\$aW1606-1753$b00$c20171028$lBLL01$h1342

