=LDR  02771 mi a2200637 i 4500
=001  016217979
=003  Uk
=005  20160510105857.0
=006  m\\\\\\\\m\|\\\\\\
=007  cr\|||||||||||
=008  121126c200u9999enk\\\\\o\\i\\\\\\\\eng\\
=FMT  \\$a  CF
=024  7\$astm20110912b$2local
=040  \\$aUk$beng$cUk$dUk$erda
=042  \\$aukblsr
=082  04$a551.46131$223
=245  00$aSea temperature and salinity trends.
=264  \1$a[Great Britain] :$bCEFAS
=300  \\$a1 online resource
=336  \\$acomputer dataset$2rdacontent
=336  \\$atext$2rdacontent
=337  \\$acomputer$2rdamedia
=338  \\$aonline resource$2rdacarrier
=500  \\$aTitle from home page (viewed on Dec. 17, 2012).
=506  \\$aData are free to access.
=516  \\$atext/html.
=520  3\$aSeawater temperature measured around the UK coast by various agencies including power companies and local councils. Data is also available from the Harwich-Rotterdam ferry (Ferry route 52°N). Salinity is only available from the ferry route data.
=540  \\$aSubject to Crown copyright protection unless otherwise indicated.
=584  \\$aData are collected by various agencies and collated by CEFAS.
=588  \\$aDescription based on: ; title from (viewed on ).
=538  \\$aMode of access: World Wide Web.
=584  \\$aAccepting data submissions: No.
=650  \0$aOcean temperature$zNorth Atlantic Ocean$vDatabases.
=650  \0$aSalinity$zNorth Atlantic Ocean$vDatabases.
=653  2\$aLiving With Environmental Change
=655  \7$aDataset.$2local
=655  \7$aLongitudinal data.$2local
=690  7\$aResearch Datasets Collection$2blcoll
=710  1\$aGreat Britain.$bDepartment for Environment, Food & Rural Affairs.
=710  2\$aCentre for Environment, Fisheries and Aquaculture Science (Great Britain)
=856  4\$uhttps://www.cefas.co.uk/cefas-data-hub/sea-temperature-and-salinity-trends/$yResearch Datasets Collection
=856  4\$uhttp://www.cefas.defra.gov.uk/our-science/observing-and-modelling/monitoring-programmes/sea-temperature-and-salinity-trends.aspx$zLink no longer valid
=859  \\$aXLD$bdatasets
=985  \\$aRecord amended for WR# 13/070
=CAT  \\$aRESDATASET$b00$c20121126$lBLL01$h1531
=CAT  \\$a5194$b40$c20121127$lBLL01$h0949
=CAT  \\$a7332$b40$c20121217$lBLL01$h1335
=CAT  \\$aWR13_070$b00$c20130504$lBLL01$h0340
=CAT  \\$aWR13.117$c20130718$lBLL01$h1857
=CAT  \\$a7332$b40$c20160509$lBLL01$h1320
=CAT  \\$a7332$b40$c20160510$lBLL01$h1032
=CAT  \\$a7332$b40$c20160510$lBLL01$h1058
=CAT  \\$aW1606-1753$c20171028$lBLL01$h1342
=FIN  \\$aY$d20121217
=SRC  \\$aBLDatasets$bstm_datasets_20121121.xml
=LAS  \\$aW1606-1753$b00$c20171028$lBLL01$h1342

